@Misc{PlayerManualDeviceAddresses,
	author = {Brian Gerkey and Richard Vaughan and Andrew Howard},
	title = {Player Manual: Device Addresses},
	note = "\url{http://playerstage.sourceforge.net/doc/Player-2.1.0/player/group__tutorial__config.html#device_addresses}"
}

@Misc{,
OPTkey = {},
OPTauthor = {},
OPTtitle = {},
OPThowpublished = {},
OPTmonth = {},
OPTyear = {},
OPTnote = {},
OPTannote = {},
OPTurl = {},
OPTdoi = {},
OPTissn = {},
OPTlocalfile = {},
OPTabstract = {}
}
